@inproceedings{intro-ssrf,
  title     = {Preventing server-side request forgery attacks},
  author    = {Jabiyev, Bahruz and Mirzaei, Omid and Kharraz, Amin and Kirda, Engin},
  booktitle = {Proceedings of the 36th Annual ACM Symposium on Applied Computing},
  pages     = {1626--1635},
  year      = {2021}
}

@article{topowaspt,
title   = {Owasp Top 10},
author  = {Top, OWASP},
journal = {Category: Owasp\_Top\_TenProject}
}

@misc{hackingthecloud2020,
  author = {Nick Frichette},
  title  = {Steal EC2 Metadata Credentials via SSRF - Hacking The Cloud},
  url    = {https://hackingthe.cloud/aws/exploitation/ec2-metadata-ssrf/#steal-ec2-metadata-credentials-via-ssrf},
  year   = {2020}
}

@misc{github_shadowspace_curzor,
  author = {Ivan Zlatanov},
  title  = {Shadowspace Curzor},
  url    = {https://github.com/not-so-cool-anymore/shadowspace-curzor},
  year   = {2022},
  note   = {[GitHub repository]}
}
